@misc{seymour2012art,
	author = 	{M. Seymour},
	title = 	{Art of Stereo Conversion: {2D} to {3D} --- 2012},
	year = 	2012,
	howpublished = {\url{http://www.fxguide.com/featured/art-of-stereo-conversion-2d-to-3d-2012/}},
	urldate = {2015-10-21}
}

@misc{realorfake,
	key = {Website about 3D films types},
	title = 	{{Is it Real or Fake 3D?}},
	howpublished = {\url{http://www.http://realorfake3d.com}},
	urldate = {2015-10-23}
}

@article{he2013guided,
	title={Guided image filtering},
	author={K. He and J. Sun and X. Tang},
	journal={Pattern Analysis and Machine Intelligence, IEEE Transactions on},
	volume={35},
	number={6},
	pages={1397--1409},
	year={2013},
	publisher={IEEE}
}

@article{egnal2004stereo,
	title={A stereo confidence metric using single view imagery with comparison to five alternative approaches},
	author={Egnal, G. and Mintz, M. and Wildes, R. P.},
	journal={Image and vision computing},
	volume={22},
	number={12},
	pages={943--957},
	year={2004},
	publisher={Elsevier}
}

@inproceedings{fecker2007time,
	title={Time-constant histogram matching for colour compensation of multi-view video sequences},
	author={Fecker, U. and Barkowsky, M. and Kaup, A.},
	booktitle={Proc. 26th Picture Coding Symp.(PCS 2007)},
	year={2007}
}

@article{wang2006survey,
	title={Survey of objective video quality measurements},
	author={Y. Wang},
	year={2006},
	journal={Computer Science Faculty Publications}
}

@inproceedings{voronov2012towards,
	title={Towards automatic stereo-video quality assessment and detection of color and sharpness mismatch},
	author={Voronov, A. and Vatolin, D. and Sumin, D. and Napadovskiy, V. and Borisov, A.},
	booktitle={3D Imaging (IC3D), 2012 International Conference on},
	pages={1--6},
	year={2012},
	organization={IEEE}
}

@inproceedings{akimov2012automatic,
	title={Automatic left-right channel swap detection},
	author={Akimov, D. and Shestov, A. and Voronov, A. and Vatolin, D.},
	booktitle={3D Imaging (IC3D), 2012 International Conference on},
	pages={1--6},
	year={2012},
	organization={IEEE}
}

@inproceedings{voronov2013methodology,
	title={Methodology for stereoscopic motion-picture quality assessment},
	author={Voronov, A. and Vatolin, D. and Sumin, D. and Napadovsky, V. and Borisov, A.},
	booktitle={IS\&T/SPIE Electronic Imaging},
	pages={864810--864810},
	year={2013},
	organization={International Society for Optics and Photonics}
}

@inproceedings{simonyan2008fast,
	title={Fast video super-resolution via classification},
	author={Simonyan, K. and Grishin, S. and Vatolin, D. and Popov, D.},
	booktitle={Image Processing, 2008. ICIP 2008. 15th IEEE International Conference on},
	pages={349--352},
	year={2008},
	organization={IEEE}
}

@inproceedings{bokov2014automatic,
	title={Automatic detection of artifacts in converted S3D video},
	author={Bokov, A. and Vatolin, D. and Zachesov, A. and Belous, A. and Erofeev, M.},
	booktitle={IS\&T/SPIE Electronic Imaging},
	pages={901112--901112},
	year={2014},
	organization={International Society for Optics and Photonics}
}

@article{jung2012visual,
	title={Visual comfort assessment metric based on salient object motion information in stereoscopic video},
	author={Y. J. Jung and S. Lee and H. Sohn and H. W. Park and Y. M. Ro},
	journal={Journal of Electronic Imaging},
	volume={21},
	number={1},
	pages={011008--1},
	year={2012},
	publisher={International Society for Optics and Photonics}
}

@article{li2014visual,
	title={Visual discomfort of stereoscopic 3D videos: Influence of 3D motion},
	author={J. Li and M. Barkowsky and P. Le Callet},
	journal={Displays},
	volume={35},
	number={1},
	pages={49--57},
	year={2014},
	publisher={Elsevier}
}

@article{zhang2009consistent,
	title={Consistent depth maps recovery from a video sequence},
	author={G. Zhang and J. Jia and T. Wong and H. Bao},
	journal={Pattern Analysis and Machine Intelligence, IEEE Transactions on},
	volume={31},
	number={6},
	pages={974--988},
	year={2009},
	publisher={IEEE}
}

@inproceedings{matyunin2011temporal,
	title={Temporal filtering for depth maps generated by Kinect depth camera},
	author={Matyunin, S. and Vatolin, D. and Berdnikov, Y. and Smirnov, M.},
	booktitle={3DTV Conference: The True Vision-Capture, Transmission and Display of 3D Video (3DTV-CON), 2011},
	pages={1--4},
	year={2011},
	organization={IEEE}
}

@article{xu20092d,
	title={2D shape matching by contour flexibility},
	author={C. Xu and J. Liu and X. Tang},
	journal={Pattern Analysis and Machine Intelligence, IEEE Transactions on},
	volume={31},
	number={1},
	pages={180--186},
	year={2009},
	publisher={IEEE}
}

@inproceedings{felzenszwalb2007hierarchical,
	title={Hierarchical matching of deformable shapes},
	author={Felzenszwalb, P.F. and Schwartz, J.D.},
	booktitle={Computer Vision and Pattern Recognition, 2007. CVPR'07. IEEE Conference on},
	pages={1--8},
	year={2007},
	organization={IEEE}
}

@inproceedings{zhang2014100+,
	title={100+ times faster weighted median filter (WMF)},
	author={Zhang, Q. and Xu, L. and Jia, J.},
	booktitle={Computer Vision and Pattern Recognition (CVPR), 2014 IEEE Conference on},
	pages={2830--2837},
	year={2014},
	organization={IEEE}
}

@article{jahne1999principles,
	title={Principles of filter design},
	author={B. J{\"a}hne and H. Scharr and S. K{\"o}rkel},
	journal={Handbook of computer vision and applications},
	volume={2},
	pages={125--151},
	year={1999},
	publisher={Academic Press London, UK}
}

@incollection{zhang2014rolling,
	author={Zhang, Q. and Shen, X. and Xu, L. and Jia, J.},
	booktitle={Computer Vision--ECCV 2014},
	title={Rolling guidance filter},
	pages={815--830},
	year={2014},
	publisher={Springer}
}

@Article{borgefors1986distance,
	author={G. Borgefors},
	title={Distance transformations in digital images},
	journal={Computer vision, graphics, and image processing},
	year={1986},
	volume={34},
	pages={344--371},
	number={3},
}

@article{ndjiki2011depth,
	title={Depth image-based rendering with advanced texture synthesis for 3-D video},
	author={P. Ndjiki-Nya and M. K{\"o}ppel and D. Doshkov and H. Lakshman and P. Merkle and K. M{\"u}ller and T. Wiegand},
	journal={Multimedia, IEEE Transactions on},
	volume={13},
	number={3},
	pages={453--465},
	year={2011},
	publisher={IEEE}
}

@inproceedings{tolstaya2015depth,
	title={Depth propagation for semi-automatic 2D to 3D conversion},
	author={Tolstaya, E. and Pohl, P. and Rychagov, M.},
	booktitle={IS\&T/SPIE Electronic Imaging},
	pages={939303--939303},
	year={2015},
	organization={International Society for Optics and Photonics}
}

@Article{Lamp86,
  author =       {A. B. Smith and C. D. Jones and E. F. Roberts},
  title =        {Article Title},
  journal = 	 {Journal},
  year = 	 1920,
  volume = 	 62,
  pages = 	 {291--294},
  month = 	 jan
}

@InProceedings{C2,
  author = 	 {Jones, C.D. and Smith, A.B. and Roberts, E.F.},
  booktitle =    {Proceedings Title},
  title =        {Paper Title},
  organization = {IEEE},
  year = 	 2003,
  volume = 	 {II},
  pages = 	 {803--806}
}
